@online{seanews,
	author    = "Sea News",
	title     = "Грузооборот российского транспорта",
	url       = "https://seanews.ru/2020/12/01/ru-gruzooborot-rossijskogo-transporta-10-\\mesjacev-2020-sokratilis-perevozki-po-vsem-\\vidam-transporta/",
	urldate = {2020-12-01},
	langid = "russian"
}

@misc{tensorflow2015-whitepaper,
	title={ {TensorFlow}: Large-Scale Machine Learning on Heterogeneous Systems},
	url={https://www.tensorflow.org/},
	note={Software available from tensorflow.org},
	author={
	Mart\'{\i}n~Abadi and
	Ashish~Agarwal and
	Paul~Barham and
	Eugene~Brevdo and
	Zhifeng~Chen and
	Craig~Citro and
	Greg~S.~Corrado and
	Andy~Davis and
	Jeffrey~Dean and
	Matthieu~Devin and
	Sanjay~Ghemawat and
	Ian~Goodfellow and
	Andrew~Harp and
	Geoffrey~Irving and
	Michael~Isard and
	Yangqing Jia and
	Rafal~Jozefowicz and
	Lukasz~Kaiser and
	Manjunath~Kudlur and
	Josh~Levenberg and
	Dandelion~Man\'{e} and
	Rajat~Monga and
	Sherry~Moore and
	Derek~Murray and
	Chris~Olah and
	Mike~Schuster and
	Jonathon~Shlens and
	Benoit~Steiner and
	Ilya~Sutskever and
	Kunal~Talwar and
	Paul~Tucker and
	Vincent~Vanhoucke and
	Vijay~Vasudevan and
	Fernanda~Vi\'{e}gas and
	Oriol~Vinyals and
	Pete~Warden and
	Martin~Wattenberg and
	Martin~Wicke and
	Yuan~Yu and
	Xiaoqiang~Zheng},
	year={2015},
	langid = "russian"
}

@book{neuro_comp,
	author    = "Уоссермен Ф.",
	title     = "Нейрокомпьютерная техника: Теория и практика",
	year      = "1992",
	publisher = "Мир",
	langid = "russian"
}

@book{backprop,
	author    = "Goodfellow Ian and Bengio Yoshua and Courville, Aaron",
	title     = " Back-Propagation and Other Differentiation Algorithms",
	year      = "2016",
	publisher = "Deep Learning. MIT Press"
	pages = "200–-220",
	langid = "russian"
}

@online{nn_problems,
	author    = "Университет ИТМО",
	title     = "Проблемы нейронных сетей",
	url       = "https://neerc.ifmo.ru/wiki/",
	langid = "russian"
}

@online{rnn_backprop,
	author    = "Университет ИТМО",
	title     = "Рекуррентные нейронные сети",
	url       = "https://neerc.ifmo.ru/wiki/",
	langid = "russian"
}

@book{BPTT,
	author    = "Mozer, M. C.",
	title     = "A Focused Backpropagation Algorithm for Temporal Pattern Recognition",
	year      = "1995",
	publisher = "NJ: Lawrence Erlbaum Associates"
	pages = "137–-169",
	langid = "russian"
}

@article{rnn_compare,
	author    = "Qidong Peng and Junqiang Lin and Dongsheng Wang and Xuefei Liu",
	title     = "Simulating Reservoir Operation Using a Recurrent Neural Network Algorithm",
	year      = "2019",
	publisher = "NJ: Lawrence Erlbaum Associates"
	pages = "137–-169",
	langid = "russian"
}

@book{act_func,
	author    = "Simon S. Haykin",
	title     = " Neural Networks: A Comprehensive Foundation",
	year      = "1999",
	publisher = "Prentice Hall",
	langid = "russian"
}

@book{conf_mtrx,
	author    = "Fawcett Tom",
	title     = "An Introduction to ROC Analysis",
	year      = "2006",
	publisher = "Pattern Recognition Letters",
	langid = "russian"
}

@incollection{pytorch_doc,
	title = {PyTorch: An Imperative Style, High-Performance Deep Learning Library},
	author = {Paszke, Adam and Gross, Sam and Massa, Francisco and Lerer, Adam and Bradbury, James and Chanan, Gregory and Killeen, Trevor and Lin, Zeming and Gimelshein, Natalia and Antiga, Luca and Desmaison, Alban and Kopf, Andreas and Yang, Edward and DeVito, Zachary and Raison, Martin and Tejani, Alykhan and Chilamkurthy, Sasank and Steiner, Benoit and Fang, Lu and Bai, Junjie and Chintala, Soumith},
	booktitle = {Advances in Neural Information Processing Systems 32},
	editor = {H. Wallach and H. Larochelle and A. Beygelzimer and F. d\textquotesingle Alch\'{e}-Buc and E. Fox and R. Garnett},
	pages = {8024--8035},
	year = {2019},
	publisher = {Curran Associates, Inc.},
	url = {http://papers.neurips.cc/paper/9015-pytorch-an-imperative-style-high-\\performance-deep-learning-library.pdf},
	langid = "russian"
}

@book{grad_boosting,
	author    = "Schapire, R. E. and Freund, Y.",
	title     = " Boosting: Foundations and Algorithms",
	year      = "2012",
	publisher = "MIT Press",
	langid = "russian"
}

@book{no_teacher,
	author    = "Hinton Geoffrey and Sejnowski Terrence",
	title     = " Unsupervised Learning: Foundations of Neural Computation",
	year      = "1999",
	publisher = "MIT Press",
	langid = "russian"
}

@book{pca,
	author    = "Abdi. H. and  Williams, L.J.",
	title     = "Principal component analysis",
	year      = "2010",
	publisher = "Wiley Interdisciplinary Reviews",
	langid = "russian"
}

@ARTICLE{autoenc_vs_pca,
	author = "G. E. Hinton and R. R. Salakhutdinov",
	title = "Reducing the Dimensionality of Data with Neural Networks",
	year = 2006,
	journal = "Science",
	langid = "russian"
}

@inproceedings{overfeed,
  title={Stupid Data Miner Tricks},
  author={D. Leinweber},
  year={2007}
}
